@book{aiw,
    title = "Alice's Adventures in Wonderland",
    author = "Lewis Carroll",
    publisher = "George MacDonald",
    year = 1865
}

@online{anime-girl:asset,
    author = "Lukebox",
    title = "Casual 1 - Anime Girl Characters",
    year = "2020",
    url = "https://assetstore.unity.com/packages/3d/characters/humanoids/casual-1-anime-girl-characters-185076#description",
    note = "เข้าชมเมื่อ 8 กรกฎาคม 2563"
}

@online{japanese-school:asset,
    author = "Sherman Waffle Studios",
    title = "Japanese School - Stylized",
    year = "2022",
    url = "https://assetstore.unity.com/packages/3d/environments/japanese-school-stylized-221256#description",
    note = "เข้าชมเมื่อ 6 กรกฎาคม 2023"
}